<?xml version="1.0" encoding="UTF-8"?>
<collection xmlns="http://www.loc.gov/MARC21/slim">
<record xmlns="http://www.loc.gov/MARC21/slim">
      <datafield tag="024" ind1="7" ind2=" ">
           <subfield code="a">{doi}</subfield>
           <subfield code="2">DOI</subfield>
    </datafield>
    <datafield tag="260" ind1=" " ind2=" ">
    <subfield code="c">{date}</subfield>
     </datafield>
     <datafield tag="100" ind1=" " ind2=" ">
          <subfield code="a">{author1}</subfield>
          <subfield code="v">{university1}</subfield>
          <subfield code="w">{country1}</subfield>
          <subfield code="j">(number1)</subfield>
    </datafield>
    <datafield tag="245" ind1=" " ind2=" ">
          <subfield code="a">Dataset submission to OAR</subfield>
    </datafield>
    <datafield tag="520" ind1=" " ind2=" ">
          <subfield code="a">Dataset - e-Research Summer Hackfest  - Lagos Sci-GaIA project</subfield>
    </datafield>
    <datafield tag="540" ind1=" " ind2=" ">
           <subfield code="a">{license}</subfield>
           <subfield code="u">{licenseURL}</subfield>
    </datafield>
    <datafield tag="536" ind1=" " ind2=" ">
      <subfield code="c">{project}</subfield>
  </datafield>
    <datafield tag="700" ind1=" " ind2=" ">
            <subfield code="a">{author2}</subfield>
            <subfield code="v">{university2}</subfield>
            <subfield code="w">{country2}</subfield>
            <subfield code="j">{number2}</subfield>
    </datafield>
    <datafield tag="999" ind1="C" ind2="5">
      <subfield code="9">CURATOR</subfield>
      <subfield code="a">10.15169/sci-gaia:1479297245.67</subfield>
      <subfield code="o">[1]</subfield>
      <subfield code="t">Test DATASETS ACEPRD submission to OAR</subfield>
            <subfield code="y">2016</subfield>
    </datafield>
     <datafield tag="653" ind1="1" ind2=" ">
           <subfield code="a">{tag1}</subfield>
         </datafield>
        <datafield tag="653" ind1="1" ind2=" ">
           <subfield code="a">{tag2}</subfield>
         </datafield>
    <datafield tag="653" ind1="1" ind2=" ">
           <subfield code="a">{tag3}</subfield>
         </datafield>
    <datafield tag="FFT" ind1="" ind2=" ">
          <subfield code="a">{datasetFile}</subfield>
    </datafield>
    <datafield xmlns="" tag="980" ind1=" " ind2=" ">
          <subfield code="a">DATASETSACEPRD</subfield>
    </datafield>
    <datafield xmlns="" tag="041" ind1=" " ind2=" ">
          <subfield code="a">eng</subfield>
    </datafield>
    <datafield xmlns="" tag="042" ind1=" " ind2=" ">
          <subfield code="a">Researchers</subfield>
    </datafield>
    <datafield xmlns="" tag="043" ind1=" " ind2=" ">
           <subfield code="a">dataset</subfield>
    </datafield>
  </record>
</collection>
